<?xml version="1.0" encoding="UTF-8"?><collection xmlns="http://www.loc.gov/MARC21/slim"><record><leader>00328nam--2200121-i-4500</leader><controlfield tag="001">000026038</controlfield><controlfield tag="002">20161230</controlfield><controlfield tag="005">20161230201036</controlfield><controlfield tag="008">060222s1000------------r-----000-0-eng-d</controlfield><datafield ind1=" " ind2=" " tag="100"><subfield code="a">Jones, Mark M</subfield></datafield><datafield ind1=" " ind2=" " tag="245"><subfield code="a">Elementary coordination chemistry</subfield></datafield><datafield ind1=" " ind2=" " tag="260"><subfield code="a">Englewood Cliffs, N.J., Prentice-hall, Inc., 1964. Xiii+473p</subfield></datafield><datafield ind1=" " ind2=" " tag="852"><subfield code="a">21133</subfield></datafield></record></collection>